

@online{ChatGPT-changes,
  author={Bijin Jose},
  title={ChatGPT gets some major upgrades: 8 new features and how to use them},
  url={https://indianexpress.com/article/technology/tech-news-technology/openai-chatgpt-8-major-new-features-9266178/},
  publication-date={2024-04-17},
  urldate={2024-5-24}
}

@online{LLM,
author={CloudFlare},
  title={What is a large language model (LLM)?},
  url={https://www.cloudflare.com/learning/ai/what-is-large-language-model/},
  publisher={cloudflare},
  year={2024},
   urldate={2024-5-24}
}

@online{ChatGPT-functions,
author={The-IFTTT-Team},
title={How does ChatGPT work?},
url={https://ifttt.com/explore/how-does-chat-gpt-work#:~:text=Training%20the%20AI,responses%20to%20questions%20or%20prompts},
publication-date={2024-3-13},
  year={2024},
   urldate={2024-5-24}
}

@online{scarlett-johansson-article1,
author={Kat Tenbarge},
title={Scarlett Johansson says she was 'shocked, angered' when she heard OpenAI's voice that sounded like her},
url={"https://www.nbcnews.com/tech/tech-news/scarlett-johansson-shocked-angered-openai-voice-rcna153180"},
publication-date={2024-5-21},
  year={2024},
   urldate={2024-5-24}
}

@online{scarlett-johansson-article2,
author={Emilia David},
title={Lawyers say OpenAI could be in real trouble with Scarlett Johansson},
  url={https://www.theverge.com/2024/5/22/24162429/scarlett-johansson-openai-legal-right-to-publicity-likeness-midler-lawyers},
  publication-date={2024-5-22},
  year={2024},
   urldate={2024-5-24}
}

@online{Her,
author={Wikipedia},
title={"Her (film)"},
url={https://www.wikiwand.com/en/Her_(film)},
year={2024},
urldate={2024-5-24}
}


@book{example,
  title={The Title of the Book},
  author={The Author},
  publisher={The Publisher},
  year={2017}
}